<?xml version="1.0" encoding="UTF-8"?>
<Document xmlns="urn:iso:std:iso:20022:tech:xsd:pain.001.001.03">
  <CstmrCdtTrfInitn>
    <GrpHdr>
      <MsgId>MSG1752351743839</MsgId>
      <CreDtTm>2025-07-12T16:22:23.842374</CreDtTm>
      <NbOfTxs>1</NbOfTxs>
      <CtrlSum>100000,50</CtrlSum>
      <InitgPty>
        <Nm>ConvertISO20022</Nm>
      </InitgPty>
    </GrpHdr>
    <PmtInf>
      <PmtInfId>TXNREF1234567890</PmtInfId>
      <PmtMtd>TRF</PmtMtd>
      <NbOfTxs>1</NbOfTxs>
      <CtrlSum>100000,50</CtrlSum>
      <ReqdExctnDt>2023-05-23</ReqdExctnDt>
      <Dbtr>
        <Nm>/12345678
JOHN DOE
123, FAKE STREET
FAKETOWN</Nm>
      </Dbtr>
      <DbtrAcct>
        <Id>
          <Othr>
            <Id>UNKNOWN</Id>
          </Othr>
        </Id>
      </DbtrAcct>
      <CdtTrfTxInf>
        <PmtId>
          <EndToEndId>TXNREF1234567890</EndToEndId>
        </PmtId>
        <Amt>
          <InstdAmt Ccy="EUR">100000,50</InstdAmt>
        </Amt>
        <Cdtr>
          <Nm>/DK5000400440116243
JANE SMITH
789, REAL ROAD
REALVILLE</Nm>
        </Cdtr>
        <CdtrAcct>
          <Id>
            <Othr>
              <Id>UNKNOWN</Id>
            </Othr>
          </Id>
        </CdtrAcct>
        <RmtInf>
          <Ustrd>PAYMENT FOR INVOICE 998877</Ustrd>
        </RmtInf>
      </CdtTrfTxInf>
    </PmtInf>
  </CstmrCdtTrfInitn>
</Document>