<?xml version="1.0" encoding="UTF-8"?>
<Document xmlns="urn:iso:std:iso:20022:tech:xsd:pain.001.001.03">
  <CstmrCdtTrfInitn>
    <GrpHdr>
      <MsgId>MSG1752352205821</MsgId>
      <CreDtTm>2025-07-12T16:30:05.821672</CreDtTm>
      <NbOfTxs>1</NbOfTxs>
      <CtrlSum>40043252,25</CtrlSum>
      <InitgPty>
        <Nm>ConvertISO20022</Nm>
      </InitgPty>
    </GrpHdr>
    <PmtInf>
      <PmtInfId>1023930:</PmtInfId>
      <PmtMtd>TRF</PmtMtd>
      <NbOfTxs>1</NbOfTxs>
      <CtrlSum>40043252,25</CtrlSum>
      <ReqdExctnDt>2018-11-20</ReqdExctnDt>
      <Dbtr>
        <Nm>Unknown Debtor</Nm>
      </Dbtr>
      <DbtrAcct>
        <Id>
          <Othr>
            <Id>UNKNOWN</Id>
          </Othr>
        </Id>
      </DbtrAcct>
      <CdtTrfTxInf>
        <PmtId>
          <EndToEndId>1023930:</EndToEndId>
        </PmtId>
        <Amt>
          <InstdAmt Ccy="EUR">40043252,25</InstdAmt>
        </Amt>
        <Cdtr>
          <Nm>Unknown Creditor</Nm>
        </Cdtr>
        <CdtrAcct>
          <Id>
            <Othr>
              <Id>UNKNOWN</Id>
            </Othr>
          </Id>
        </CdtrAcct>
        <RmtInf>
          <Ustrd>Payment For 71A: OUR-}</Ustrd>
        </RmtInf>
      </CdtTrfTxInf>
    </PmtInf>
  </CstmrCdtTrfInitn>
</Document>