<?xml version="1.0" encoding="UTF-8"?>
<Document xmlns="urn:iso:std:iso:20022:tech:xsd:pain.001.001.03">
  <CstmrCdtTrfInitn>
    <GrpHdr>
      <MsgId>NACHA1752354229373</MsgId>
      <CreDtTm>2025-07-12T17:03:49.373473</CreDtTm>
      <NbOfTxs>1</NbOfTxs>
      <CtrlSum>100.00</CtrlSum>
      <InitgPty>
        <Nm></Nm>
        <Id>
          <OrgId>
            <Othr>
              <Id>0123456789</Id>
            </Othr>
          </OrgId>
        </Id>
      </InitgPty>
    </GrpHdr>
    <PmtInf>
      <PmtInfId>0123456789</PmtInfId>
      <PmtMtd>TRF</PmtMtd>
      <NbOfTxs>1</NbOfTxs>
      <CtrlSum>100.00</CtrlSum>
      <ReqdExctnDt>2020-12-15</ReqdExctnDt>
      <Dbtr>
        <Nm></Nm>
      </Dbtr>
      <DbtrAcct>
        <Id>
          <Othr>
            <Id>02601507</Id>
          </Othr>
        </Id>
      </DbtrAcct>
      <CdtTrfTxInf>
        <PmtId>
          <EndToEndId>026015070000001</EndToEndId>
        </PmtId>
        <Amt>
          <InstdAmt Ccy="USD">100.00</InstdAmt>
        </Amt>
        <Cdtr>
          <Nm></Nm>
        </Cdtr>
        <CdtrAcct>
          <Id>
            <Othr>
              <Id>0009</Id>
            </Othr>
          </Id>
        </CdtrAcct>
        <RmtInf>
          <Ustrd>IS000000000000007185XXX-11110000          JOHN SMITH ANE PETERSEN                      10 CHERRY LANE ONDON\                            GB*SW155PU\ LOYDS UK                          02LOYDGB2LXXX                       GB P MORGAN CHASE BANK               01021202337                         US SMITH-123     123 WALNUT STREET UMMIT*NJ\                         US*07960\ HRISTMAS GIFT                                                                  0 ARCLAYS BANK UK                   02BARCGB22                          GB       0</Ustrd>
        </RmtInf>
      </CdtTrfTxInf>
    </PmtInf>
  </CstmrCdtTrfInitn>
</Document>