101 02601507911223344552006011330A094101GS BANK USA            YOUR COMPANY NAME      REF123AB
5220                VF2FXREF-12345678 US0123456789IATMISC REMITGBPUSD201215   1026015070000001
6220212023370009             000001000012-2200-345-1                          1026015070000001
710MIS000000000000007185XXX-11110000          JOHN SMITH                               0000001
711JANE PETERSEN                      10 CHERRY LANE                                   0000001
712LONDON\                            GB*SW155PU\                                      0000001
713LLOYDS UK                          02LOYDGB2LXXX                       GB           0000001
714JP MORGAN CHASE BANK               01021202337                         US           0000001
715JSMITH-123     123 WALNUT STREET                                                    0000001
716SUMMIT*NJ\                         US*07960\                                        0000001
717CHRISTMAS GIFT                                                                  00010000001
718BARCLAYS BANK UK                   02BARCGB22                          GB       00030000001
82200000100026015070000000000000000000100000123456789                          026015070000001                         
9000001000002000000100002601507000000000000000000010000