101 02601507911223344552006011330A094101GS BANK USA            YOUR COMPANY NAME      REF123AB
5220ALPHA COMPANY                       1234567890CCDPAYROLL   JUN 20200701   1026015070000001
632111122223123456789        0000100000AB156325       JACK SMITH              0026015070000001
632111122223123456789        0000100000AB156325       JACK SMITH              0026015070000002
632111122223123456789        0000100000AB156325       JACK SMITH              0026015070000003
822000000300333366660000000000000000003000001234567890                         026015070000001
5220ALPHA COMPANY                       1234567890PPDPAYROLL   JUN 20200701   1026015070000002
632111122223123456789        0000100000AB156325       JACK SMITH              0026015070000011
632111122223123456789        0000100000AB156325       JACK SMITH              0026015070000012
822000000200222244440000000000000000002000001234567890                         026015070000002
5220ALPHA COMPANY                       1234567890PPDPAYROLL   JUN 20200701   1026015070000003
632111122223123456789        0000100000AB156325       JACK SMITH              0026015070000101
632111122223123456789        0000100000AB156325       JACK SMITH              0026015070000102
822000000200222244440000000000000000002000001234567890                         026015070000003
9000003000002000000070077785554000000000000000000700000